@article{Qiu2023Feb,
	author = {Qiu, Yunbo and Jin, Yue and Yu, Lebin and Wang, Jian and Zhang, Xudong},
	title = {{Promoting Cooperation in Multi-Agent Reinforcement Learning via Mutual Help}},
	journal = {arXiv},
	year = {2023},
	month = feb,
	eprint = {2302.09277},
	doi = {10.48550/arXiv.2302.09277}
}
@article{Silvander2019Jan,
	author = {Silvander, Johan and Angelin, Lars},
	title = {{Introducing intents to the OODA-loop}},
	journal = {Procedia Comput. Sci.},
	volume = {159},
	pages = {878--883},
	year = {2019},
	month = jan,
	issn = {1877-0509},
	publisher = {Elsevier},
	doi = {10.1016/j.procs.2019.09.247}
}
@article{Gasse2021Jun,
	author = {Gasse, Maxime and Grasset, Damien and Gaudron, Guillaume and Oudeyer, Pierre-Yves},
	title = {{Causal Reinforcement Learning using Observational and Interventional Data}},
	journal = {arXiv},
	year = {2021},
	month = jun,
	eprint = {2106.14421},
	doi = {10.48550/arXiv.2106.14421}
}
@article{Zhou2023May,
	author = {Zhou, Ziyuan and Liu, Guanjun and Tang, Ying},
	title = {{Multi-Agent Reinforcement Learning: Methods, Applications, Visionary Prospects, and Challenges}},
	journal = {arXiv},
	year = {2023},
	month = may,
	eprint = {2305.10091},
	doi = {10.48550/arXiv.2305.10091}
}
@book{Andres2016Oct,
	author = {Andr{\ifmmode\acute{e}\else\'{e}\fi}s, Ignasi and de Barros, Leliane Nunes},
	title = {{Using the Causal Graph to Enhance Translations to Solve Contingent Planning Problems}},
	year = {2016},
	month = oct,
	isbn = {978-1-5090-3566-3},
	publisher = {IEEE Computer Society},
	doi = {10.1109/BRACIS.2016.023}
}
@incollection{Busoniu2010,
	author = {Bu{\ifmmode\mbox{\c{s}}\else\c{s}\fi}oniu, Lucian and Babu{\ifmmode\check{s}\else\v{s}\fi}ka, Robert and De Schutter, Bart},
	title = {{Multi-agent Reinforcement Learning: An Overview}},
	booktitle = {{Innovations in Multi-Agent Systems and Applications - 1}},
	journal = {SpringerLink},
	pages = {183--221},
	year = {2010},
	publisher = {Springer},
	address = {Berlin, Germany},
	doi = {10.1007/978-3-642-14435-6_7}
}
@article{Franch2018Sep,
	author = {Franch, Ignasi Andr{\ifmmode\acute{e}\else\'{e}\fi}s},
	title = {{Human-help in automated planning under uncertainty}},
	journal = {Biblioteca Digital de Teses e Disserta{\ifmmode\mbox{\c{c}}\else\c{c}\fi}{\ifmmode\tilde{o}\else\~{o}\fi}es da Universidade de S{\ifmmode\tilde{a}\else\~{a}\fi}o Paulo},
	year = {2018},
	month = sep,
	publisher = {Biblioteca Digital de Teses e Disserta{\ifmmode\mbox{\c{c}}\else\c{c}\fi}{\ifmmode\tilde{o}\else\~{o}\fi}es da Universidade de S{\ifmmode\tilde{a}\else\~{a}\fi}o Paulo},
	doi = {10.11606/T.45.2019.tde-19122018-211701}
}
@incollection{Kumawat2021May,
	author = {Kumawat, Sunita and Dudeja, Chanchal and Kumar, Pawan},
	title = {{An Extensive Review of Shortest Path Problem Solving Algorithms}},
	booktitle = {{2021 5th International Conference on Intelligent Computing and Control Systems (ICICCS)}},
	journal = {2021 5th International Conference on Intelligent Computing and Control Systems (ICICCS)},
	pages = {176--184},
	year = {2021},
	month = may,
	publisher = {IEEE},
	doi = {10.1109/ICICCS51141.2021.9432275}
}
@article{Lin2020Jul,
	author = {Lin, Zeng and Chen, GuangZhi},
	title = {{Multi-agent Planing Based on Causal Graph}},
	journal = {J. Phys. Conf. Ser.},
	volume = {1601},
	number = {4},
	pages = {042019},
	year = {2020},
	month = jul,
	issn = {1742-6596},
	publisher = {IOP Publishing},
	doi = {10.1088/1742-6596/1601/4/042019}
}
@article{Maes2005Jan,
	author = {Maes, Sam and Meganck, Stijn and Manderick, Bernard},
	title = {{Causal Inference in Multi-Agent Causal Models.}},
	journal = {ResearchGate},
	pages = {367--368},
	year = {2005},
	month = jan,
	url = {https://www.researchgate.net/publication/220799966_Causal_Inference_in_Multi-Agent_Causal_Models}
}
@misc{TragComm2018Jun,
    author = {Hardin, Garrett},
	title = {{Tragedy of the Commons - Econlib}},
	journal = {Econlib},
	year = {2018},
	month = jun,
	note = {[Online; accessed 18. Jul. 2023]},
	url = {https://www.econlib.org/library/Enc/TragedyoftheCommons.html}
}
@misc{Pearl2000,
	author = {Pearl, J.},
	title = {{Causality: Models, Reasoning and Inference}},
	year = {2000},
	note = {[Online; accessed 18. Jul. 2023]},
	url = {https://www.semanticscholar.org/paper/Causality%3A-Models%2C-Reasoning-and-Inference-Pearl/62064218665ad89f0cb2a44f5b19f7703d9c7e71}
}
@misc{CFact2019Jul,
	year = {2019},
	month = jul,
	note = {[Online; accessed 18. Jul. 2023]},
	url = {https://cs.stanford.edu/people/ebrun/Brunskill_RLDM_Tutorial_2019.pdf}
}
@article{Amirkhani2022Jun,
	author = {Amirkhani, Abdollah and Barshooi, Amir Hossein},
	title = {{Consensus in multi-agent systems: a review}},
	journal = {Artif. Intell. Rev.},
	volume = {55},
	number = {5},
	pages = {3897--3935},
	year = {2022},
	month = jun,
	issn = {1573-7462},
	publisher = {Springer Netherlands},
	doi = {10.1007/s10462-021-10097-x}
}
@book{Fagin2004Jan,
	author = {Fagin, Ronald and Halpern, Joseph Y. and Moses, Yoram and Vardi, Moshe},
	title = {{Reasoning About Knowledge}},
	year = {2004},
	month = jan,
	isbn = {978-0-26256200-3},
	publisher = {MIT Press},
	address = {Cambridge, MA, USA},
	url = {https://books.google.co.il/books?id=xHmlRamoszMC&redir_esc=y}
}
@article{sontakke2020causal,
  title={Causal Curiosity: RL Agents Discovering Self-supervised Experiments for Causal Representation Learning},
  author={Sontakke, Sumedh A and Mehrjou, Arash and Itti, Laurent and Sch{\"o}lkopf, Bernhard},
  journal={arXiv preprint arXiv:2010.03110},
  year={2020}
}
@article{Kenton2022Aug,
	author = {Kenton, Zachary and Kumar, Ramana and Farquhar, Sebastian and Richens, Jonathan and MacDermott, Matt and Everitt, Tom},
	title = {{Discovering Agents}},
	journal = {arXiv},
	year = {2022},
	month = aug,
	eprint = {2208.08345},
	doi = {10.48550/arXiv.2208.08345}
}
@misc{Beynier2023Aug,
	author = {Beynier, Aurelie},
	title = {{Contributions to Multiagent Decision Making under uncertainty and Partial observability}},
	year = {2019},
	month = jun,
	note = {[Online; accessed 14. Aug. 2023]},
	url = {https://dblp.uni-trier.de/rec/books/hal/Beynier18.html}
}
@article{Nir2020Apr,
	author = {Nir, Ronen and Shleyfman, Alexander and Karpas, Erez},
	title = {{Automated Synthesis of Social Laws in STRIPS}},
	journal = {Proceedings of the AAAI Conference on Artificial Intelligence},
	volume = {34},
	number = {06},
	pages = {9941--9948},
	year = {2020},
	month = apr,
	issn = {2159-5399},
	publisher = {Association for the Advancement of Artificial Intelligence (AAAI)},
	doi = {10.1609/aaai.v34i06.6549}
}
@article{Cimatti2003,
	author = {Cimatti, A. and Pistore, M. and Roveri, M. and Traverso, P.},
	title = {{Weak, strong, and strong cyclic planning via symbolic model checking}},
	journal = {Artif. Intell.},
	volume = {1-2},
	number = {147},
	pages = {35--84},
	year = {2003},
	issn = {0004-3702},
	doi = {10.1016/S0004-3702(02)00374-0}
}